%% This BibTeX bibliography file was created using BibDesk.
%% http://bibdesk.sourceforge.net/


%% Created for Tapani at 2015-07-29 23:26:01 +0300 


%% Saved with string encoding Western (ISO Latin 1) 



misc{fractal audio systems_2020, title={Axe-Fx III - Amp Modeler - Preamp - Effects Processor - Fractal Audio}, url={https://www.fractalaudio.com/iii/}, journal={Fractal Audio Systems}, year={2020}, month={Sep}}}



@mastersthesis{Andersson2017-qg,
  title  = {Headphone Auralization of Acoustic Spaces Recorded with Spherical
            Microphone Arrays},
  author = {Andersson, Carl},
  editor = {Ahrens, Jens},
  year   = 2017,
  school = {Chalmers University of Technology}
}



@inproceedings{Bernschutz2013-zy,
  title       = {A spherical far field {HRIR/HRTF} compilation of the Neumann
                 {KU} 100},
  booktitle   = {Proceedings of the 40th Italian ({AIA}) annual conference on
                 acoustics and the 39th German annual conference on acoustics
                 ({DAGA}) conference on acoustics},
  author      = {Bernsch{\"u}tz, Benjamin},
  pages       = {29},
  institution = {AIA/DAGA},
  year        = 2013
}


@inproceedings{Bernschutz2011-rj,
  title      = {{SOFiA} - Sound Field Analysis Toolbox},
  author     = {Bernsch{\"u}tz, Benjamin and P{\"o}rschmann, Christoph and
                Spors, Sascha and Weinzierl, Stefan},
  abstract   = {ResearchGate is a network dedicated to science and research.
                Connect, collaborate and discover scientific publications, jobs
                and conferences. All for free.},
  month      = jan,
  year       = 2011,
  conference = {International Conference on Spatial Audio}
}


@article{Omoto2015-wq,
  title   = {Sound field reproduction and sharing system based on the boundary
             surface control principle},
  author  = {Omoto, Akira and Ise, Shiro and Ikeda, Yusuke and Ueno, Kanako and
             Enomoto, Seigo and Kobayashi, Maori},
  journal = {Acoust. Sci. Technol.},
  volume  = 36,
  number  = 1,
  pages   = {1--11},
  year    = 2015
}





@comment{BibDesk Static Groups{
<?xml version="1.0" encoding="UTF-8"?>
<!DOCTYPE plist PUBLIC "-//Apple//DTD PLIST 1.0//EN" "http://www.apple.com/DTDs/PropertyList-1.0.dtd">
<plist version="1.0">
<array>
	<dict>
		<key>group name</key>
		<string>Not yet</string>
		<key>keys</key>
		<string></string>
	</dict>
</array>
</plist>
}}
